@article{Plumer_1988,
  doi       = {10.1103/physrevlett.60.45},
  url       = {https://doi.org/10.1103%2Fphysrevlett.60.45},
  year      = 1988,
  month     = {jan},
  publisher = {American Physical Society ({APS})},
  volume    = {60},
  number    = {1},
  pages     = {45--48},
  author    = {M. L. Plumer and Kevin Hood and A. Caill{\'{e}}},
  title     = {Multicritical Point in the Magnetic Phase Diagram of {CsNiCl}3},
  journal   = {Phys. Rev. Lett.}
}




@article{Plumer_1989,
  doi       = {10.1103/physrevb.39.4489},
  url       = {https://doi.org/10.1103%2Fphysrevb.39.4489},
  year      = 1989,
  month     = {mar},
  publisher = {American Physical Society ({APS})},
  volume    = {39},
  number    = {7},
  pages     = {4489--4499},
  author    = {M. L. Plumer and A. Caill{\'{e}} and Kevin Hood},
  title     = {Multicritical points in the magnetic phase diagrams of axial and planar antiferromagnets},
  journal   = {Phys. Rev. B}
}
